@ONLINE{IREC,
    title = {Competition Rules},
    month = oct,
    year = 2010,
    url = {http://soundingrocket.org/rules.aspx}
}

@ONLINE{wiki:parasev,
    title = {NASA Parasev},
    month = sep,
    year = 2010,
    url = {http://en.wikipedia.org/wiki/Parasev}
}

@ONLINE{wiki:beaufort,
    title = {Beaufort scale},
    month = oct,
    year = 2010,
    url = {http://en.wikipedia.org/wiki/Beaufort_scale}
}

@TECHREPORT{Layton1963,
  author = {Garrison P. Layton, Jr. and Milton O. Thompson},
  title = {Preliminary Flight Evaluation of two Unpowered Manned Paragliders},
  institution = {NASA},
  year = {1963},
  type = {Technical Note},
  number = {D-1826},
  month = {April},
  owner = {andrew},
  timestamp = {2010.10.10}
}

@TECHREPORT{Rogallo1960,
  author = {Francis M. Rogallo and John G. Lowry and Delwin R. Croom and Robert
	T. Taylor},
  title = {Preliminary Investigation of a Paraglider},
  institution = {NASA},
  year = {1960},
  type = {Technical Note},
  number = {D-443},
  month = {August},
  owner = {andrew},
  timestamp = {2010.10.10}
}

@ARTICLE{spottiswoode,
    author  = {M. V. Cooke and M. Spottiswoode},
    title   = {Modelling the Flight Dynamics of the Hang Glider},
    journal = {The Aeronautical Journal},
    year    = {2006},
    month   = {Jan}
}


